@Article{Dahm2008,
  author  = {Dahm, Ralf},
  journal = {Hum. Genet.},
  title   = {{Discovering DNA: Friedrich Miescher and the early years of nucleic acid research}},
  year    = {2008},
  number  = {6},
  pages   = {565--581},
  volume  = {122},
}

@book{Sinden1994,
	author = {Sinden, Richard R.},
	title = {{DNA structure and function}},
	publisher = {Academic Press, Inc},
	pages = {398},
	year = {1994},
}

@Article{Dirac1929,
  author  = {Dirac, P. A. M.},
  journal = {Proc. Math. Phys. Eng. Sci.},
  title   = {{Quantum Mechanics of Many-Electron Systems}},
  year    = {1929},
  number  = {792},
  pages   = {714--733},
  volume  = {123},
}