%% This BibTeX bibliography file was created using BibDesk.
%% https://bibdesk.sourceforge.io/

%% Created for Charles-Alexandre Mattelaer at 2022-01-03 19:32:26 +0100 


%% Saved with string encoding Unicode (UTF-8) 


%@comment{jabref-meta: databaseType:bibtex;}



%@article{Vanmeert2020,
%	author = {Vanmeert, M and \textbf{Mattelaer}, \textbf{C-A} and Radusky, L and Mirza, U and Serrano, L and Froeyen, M and Herdewijn, P and Lescrinier, E},
%	journal = {TBD},
%	note = {in preparation},
%	title = {{PREDICT, expanding the rational toolbox for altering enzyme substrate specificty}},
%	year = {2021}}

@article{Rihon2023,
%  doi = {10.1093/nar/gkad592},
%  url = {https://doi.org/10.1093/nar/gkad592},
  year = {in preparation},
%  month = jul,
%  publisher = {Oxford University Press ({OUP})},
  author = { J{\'{e}}r{\^{o}}me Rihon and Rinaldo Wander Montalv{\~{a}}o and \textbf{C.-A. Mattelaer} and Mathy Froeyen and Vitor Bernardes Pinheiro and Eveline Lescrinier},
  title = {Ducque : The Mechanical Nucleic Acid Architect. Proposing the RNA :: Morpholino heteroduplex through an all-around in silico workflow.},
  journal = {to be determined}
}


@article{Schofield2023,
  %doi = {10.1093/nar/gkad592},
  url = {https://doi.org/10.1093/nar/gkad592},
  year = {2023},
  month = jul,
  publisher = {Oxford University Press ({OUP})},
  author = {Peter Schofield and Alexander I Taylor and J{\'{e}}r{\^{o}}me Rihon and Cristian D Pe{\~{n}}a~Martinez and Sacha Zinn and \textbf{C.-A. Mattelaer} and Jennifer Jackson and Gurpreet Dhaliwal and Guy Schepers and Piet Herdewijn and Eveline Lescrinier and Daniel Christ and Philipp Holliger},
  title = {Characterization of an {HNA} aptamer suggests a non-canonical G-quadruplex motif},
  journal = {Nucleic Acids Research}
}

%@article{MattelaerCA2020pucker,
%	author = {\textbf{Mattelaer}, \textbf{C-A} and Mattelaer, H-P and Rihon, J and Froeyen, M and Lescrinier, E},
%	date-modified = {2022-01-03 19:30:05 +0100},
%	doi = {doi.org/10.1021/acs.jctc.1c00270},
%	journal = {J. Chem. Theory Comput.},
%	number = {6},
%	pages = {3814--3823},
%	title = {{Efficient and accurate potential energy sufaces of puckering in sugar-modified nucleosides}},
%	volume = {17},
%	year = {2021},
%	Bdsk-Url-1 = {https://doi.org/10.1021/acs.jctc.1c00270}}

@article{Mattelaer2021pucker,
  doi = {10.1021/acs.jctc.1c00270},
  url = {https://doi.org/10.1021/acs.jctc.1c00270},
  year = {2021},
  month = may,
  publisher = {American Chemical Society ({ACS})},
  volume = {17},
  number = {6},
  pages = {3814--3823},
  author = {\textbf{C.-A. Mattelaer} and Henri-Philippe Mattelaer and J{\'{e}}r{\^{o}}me Rihon and Matheus Froeyen and Eveline Lescrinier},
  title = {Efficient and Accurate Potential Energy Surfaces of Puckering in Sugar-Modified Nucleosides},
  journal = {Journal of Chemical Theory and Computation}
}

%@article{MattelaerCA2020dxyna,
%	author = {\textbf{Mattelaer}*, \textbf{C-A} and Mohitosh*, M and Smets, L and Mohitosh, M and Schepers, G and Mattelaer,H-P and Rosemeyer, H and Herdewijn, P and Lescrinier, E},
%	date-modified = {2022-01-03 19:31:43 +0100},
%	doi = {doi.org/10.1002/cbic.202000803},
%	journal = {ChemBioChem},
%	number = {9},
%	pages = {1638--1645},
%	title = {{Stable hairpin structures formed by xylose-based nucleic acids}},
%	volume = {22},
%	year = {2021},
%	Bdsk-Url-1 = {https://doi.org/10.1002/cbic.202000803}}

@article{Mattelaer2021dxyna,
  doi = {10.1002/cbic.202000803},
  url = {https://doi.org/10.1002/cbic.202000803},
  year = {2021},
  month = feb,
  publisher = {Wiley},
  volume = {22},
  number = {9},
  pages = {1638--1645},
  author = {\textbf{C.-A. Mattelaer} and Mohitosh Maiti and Laurent Smets and Munmun Maiti and Guy Schepers and Henri-Philippe Mattelaer and Helmut Rosemeyer and Piet Herdewijn and Eveline Lescrinier},
  title = {Stable Hairpin Structures Formed by Xylose-Based Nucleic Acids},
  journal = {{ChemBioChem}}
}

%@article{DeRuysscher2020,
%	author = {{De Ruysscher}, D and Pang, L and \textbf{Mattelaer}, \textbf{C-A} and Nautiyal, M and {De Graef}, S and Rozenski, J and Strelkov, S and Lescrinier, E and Weeks, S and {Van Aerschot}, A},
%	doi = {doi.org/10.1016/j.bmc.2020.115580},
%	issn = {09680896},
%	journal = {Bioorg. Med. Chem.},
%	number = {15},
%	pages = {115580},
%	title = {{Phenyltriazole-functionalized sulfamate inhibitors targeting tyrosyl- or isoleucyl-tRNA synthetase}},
%	url = {https://linkinghub.elsevier.com/retrieve/pii/S0968089620304107},
%	volume = {28},
%	year = {2020},
%	Bdsk-Url-1 = {https://linkinghub.elsevier.com/retrieve/pii/S0968089620304107},
%	Bdsk-Url-2 = {https://doi.org/10.1016/j.bmc.2020.115580}}

@article{DeRuysscher2020,
  doi = {10.1016/j.bmc.2020.115580},
  url = {https://doi.org/10.1016/j.bmc.2020.115580},
  year = {2020},
  month = aug,
  publisher = {Elsevier {BV}},
  volume = {28},
  number = {15},
  pages = {115580},
  author = {Dries De Ruysscher and Luping Pang and \textbf{C.-A. Mattelaer} and Manesh Nautiyal and Steff De Graef and Jef Rozenski and Sergei V. Strelkov and Eveline Lescrinier and Stephen D. Weeks and Arthur Van Aerschot},
  title = {Phenyltriazole-functionalized sulfamate inhibitors targeting tyrosyl- or isoleucyl-{tRNA} synthetase},
  journal = {Bioorganic {\&} Medicinal Chemistry}
}

%@article{Chen2019,
%	author = {Chen, J and Smaardijk, S and \textbf{Mattelaer}, \textbf{C-A} and Pamula, F and Vandecaetsbeek, I and Vanoevelen, J and Wuytack, F and Lescrinier, E and Eggermont, J and Vangheluwe, P},
%	doi = {doi.org/10.1074/jbc.RA118.006250},
%	file = {:C$\backslash$:/Dropbox/Mendeley/JBC-2018-006250R1-Full{\_}PDF.pdf:pdf},
%	issn = {0021-9258},
%	journal = {J. Biol. Chem.},
%	keywords = {breast cancer,calcium atpase,golgi,hailey-hailey disease,manganese,protein purification,proteoliposomes,reconstitution,transport},
%	number = {19},
%	pages = {7878--7891},
%	title = {{An \newline N-terminal \ce{Ca^{2+}}-binding motif regulates the secretory pathway \ce{Ca^{2+}}/\ce{Mn^{2+}}-transport ATPase SPCA1}},
%	url = {http://www.jbc.org/lookup/doi/10.1074/jbc.RA118.006250},
%	volume = {294},
%	year = {2019},
%	Bdsk-Url-1 = {http://www.jbc.org/lookup/doi/10.1074/jbc.RA118.006250},
%	Bdsk-Url-2 = {https://doi.org/10.1074/jbc.RA118.006250}}

@article{Chen2019,
  doi = {10.1074/jbc.ra118.006250},
  url = {https://doi.org/10.1074/jbc.ra118.006250},
  year = {2019},
  month = may,
  publisher = {Elsevier {BV}},
  volume = {294},
  number = {19},
  pages = {7878--7891},
  author = {Jialin Chen and Susanne Smaardijk and \textbf{C.-A. Mattelaer} and Filip Pamula and Ilse Vandecaetsbeek and Jo Vanoevelen and Frank Wuytack and Eveline Lescrinier and Jan Eggermont and Peter Vangheluwe},
  title = {An N-termina \ce{Ca^{2+}}-binding motif regulates the secretory pathway \ce{Ca^{2+}}/\ce{Mn^{2+}}-transport {ATPase} {SPCA}1},
  journal = {Journal of Biological Chemistry}
}

%@article{Mattelaer2017,
%	abstract = {TransferRNA's role in protein translation is the prime example of an Informational Leaving Group (ILG). A simplified model produced oligophenylalanine with a modified uracil as an ILG in the presence of specific oligonucleotides. Our preliminary studies contribute to the importance of hybrid species in bridging the gap between peptides and nucleic acids.},
%	author = {Mattelaer, H-P and \textbf{Mattelaer}, \textbf{C-A} and Papastavrou, N and Dehaen, W and Herdewijn, P},
%	doi = {doi.org/10.1039/C7CC00831G},
%	issn = {1359-7345},
%	journal = {ChemComm},
%	number = {36},
%	pages = {5013--5016},
%	title = {{Oligonucleotide promoted peptide bond formation using a tRNA mimicking approach}},
%	url = {http://xlink.rsc.org/?DOI=C7CC00831G},
%	volume = {53},
%	year = {2017},
%	Bdsk-Url-1 = {http://xlink.rsc.org/?DOI=C7CC00831G},
%	Bdsk-Url-2 = {https://doi.org/10.1039/C7CC00831G}}

@article{Mattelaer2017,
  doi = {10.1039/c7cc00831g},
  url = {https://doi.org/10.1039/c7cc00831g},
  year = {2017},
  publisher = {Royal Society of Chemistry ({RSC})},
  volume = {53},
  number = {36},
  pages = {5013--5016},
  author = {H.-P. Mattelaer and \textbf{C.-A. Mattelaer} and N. Papastavrou and W. Dehaen and P. Herdewijn},
  title = {Oligonucleotide promoted peptide bond formation using a {tRNA} mimicking approach},
  journal = {Chemical Communications}
}
